@inproceedings{scara,
	title = {A Flexible Technique for Accurate Omnidirectional Camera Calibration and Structure from Motion},
	booktitle = {Proceedings of IEEE International Conference of Vision Systems},
	author = {Scaramuzza, D., Martinelli, A. and Siegwart, R.},
	year = {2006},
}

@article{ekf,
	title = {A method for ego-motion estimation in micro-hovering platforms flying in very cluttered environments},
	journal = {Autonomous Robots},
	author = {Briod, Adrien and Zufferey, Jean-Christophe and Floreano, Dario},
	year = {2015},
}

@inproceedings{autocalib,
	title = {Automatically calibrating the viewing direction of optic-flow sensors},
	booktitle = {Robotics and {Automation} ({ICRA})},
	author = {Briod, Adrien and Zufferey, Jean-Christophe and Floreano, Dario},
	year = {2012},
	pages = {3956--3961},
}

@phdthesis{lim,
	title = {Egomotion {Estimation} with {Large} {Field}-of-{View} {Vision}},
	author = {Lim, John Jin Keat},
	year = {2010},
}

@incollection{derotation,
	title = {From {Visual} {Guidance} in {Flying} {Insects} to {Autonomous} {Aerial} {Vehicles}},
	urldate = {2016-04-01},
	booktitle = {Flying {Insects} and {Robots}},
	author = {Srinivasan, Mandyam V. and Thurrowgood, Saul and Soccol, Dean},
	year = {2009},
	pages = {15--28},
}

@inproceedings{backproj,
	title = {Omnidirectional egomotion estimation from back-projection flow},
	booktitle = {Computer {Vision} and {Pattern} {Recognition} {Workshop}},
	publisher = {IEEE},
	author = {Shakernia, Omid and Vidal, Ren√© and Sastry, Shankar},
	year = {2003},
	pages = {82--82},
}

@inproceedings{briod_optic-flow_2013,
	title = {Optic-flow based control of a 46g quadrotor},
	booktitle = {Workshop on {Vision}-based {Closed}-{Loop} {Control} and {Navigation} of {Micro} {Helicopters} in {GPS}-denied {Environments}, {IROS} 2013},
	author = {Briod, Adrien and Zufferey, Jean-Christophe and Floreano, Dario},
	year = {2013},
}